<record><leader>00000cas a22000007a 4500</leader><controlfield tag="001">29206341</controlfield><controlfield tag="008">931027d185u1uuumauwr ne      0    0eng d</controlfield><datafield ind1=" " ind2=" " tag="010"><subfield code="a">sn 93052633 </subfield></datafield><datafield ind1=" " ind2=" " tag="040"><subfield code="a">CNK</subfield><subfield code="b">eng</subfield><subfield code="c">CNK</subfield><subfield code="d">OCLCQ</subfield></datafield><datafield ind1=" " ind2=" " tag="042"><subfield code="a">msc</subfield></datafield><datafield ind1="0" ind2="0" tag="245"><subfield code="a">Holyoke freeman.</subfield></datafield><datafield ind1=" " ind2=" " tag="260"><subfield code="a">Holyoke, Mass. :</subfield><subfield code="b">Wm. L. Morgan</subfield></datafield><datafield ind1=" " ind2=" " tag="300"><subfield code="a">v.</subfield></datafield><datafield ind1=" " ind2=" " tag="310"><subfield code="a">Weekly</subfield></datafield><datafield ind1=" " ind2=" " tag="588"><subfield code="a">Description based on: Vol. 5, no. 15 (Apr. 23, 1853) = whole no. 189.</subfield></datafield><datafield ind1=" " ind2=" " tag="752"><subfield code="a">United States</subfield><subfield code="b">Massachusetts</subfield><subfield code="c">Hampden</subfield><subfield code="d">Holyoke.</subfield></datafield><datafield ind1="0" ind2="0" tag="780"><subfield code="t">Hampden freeman</subfield><subfield code="w">(DLC)sn 83020582</subfield></datafield></record>